@electronic{IEEEexample:biblatex,
  author = {Scott Chacon and Ben Straub},
  title  = {Pro Git},
  url    = {https://git-scm.com/book/pt-br/v2},
  month  = jan,
  year   = {2007}
}
@article{IEEEexample:article_typical,
  author  = {S. Zhang and C. Zhu and J. K. O. Sin and P. K. T. Mok},
  title   = {A Novel Ultrathin Elevated Channel Low-temperature 
                   Poly-{Si} {TFT}},
  journal = IEEE_J_EDL,
  volume  = {20},
  month   = nov,
  year    = {1999},
  pages   = {569-571}
}
@book{Scott:ProGit,
  author    = {Scott Chacon and Ben Straub},
  title     = {Pro Git},
  publisher = {Apress},
  year      = {2020}
}